{
  "scrape_date": "2025-12-07T10:57:48.123342",
  "total_products": 76,
  "products": [
    {
      "product_title": "Coupon\n$11.99\neach\nHero Mighty Patch Original, 36 ct",
      "product_price": "$11.99",
      "product_image": "https://images.heb.com/is/image/HEBGrocery/prd-small/008893005.jpg?v=1",
      "product_hyperlink": "https://www.heb.com/product-detail/hero-mighty-patch-original/8893005"
    },
    {
      "product_title": "Coupon\n$10.97\neach\nDove Deep Moisture Body Wash with Pump, 30.6 oz",
      "product_price": "$10.97",
      "product_image": "https://images.heb.com/is/image/HEBGrocery/prd-small/001796506.jpg?v=1",
      "product_hyperlink": "https://www.heb.com/product-detail/dove-deep-moisture-body-wash-with-pump/1796506"
    },
    {
      "product_title": "Coupon\n$17.97\neach\nNative Body Wash - Coconut & Vanilla, 36 oz",
      "product_price": "$17.97",
      "product_image": "https://images.heb.com/is/image/HEBGrocery/prd-small/005906003.jpg?v=1",
      "product_hyperlink": "https://www.heb.com/product-detail/native-body-wash-coconut-vanilla/5906003"
    },
    {
      "product_title": "Coupon\n$27.95\neach\nColor Wow Dream Coat Anti-Frizz Hair Treatment Spray, 6.7 oz",
      "product_price": "$27.95",
      "product_image": "https://images.heb.com/is/image/HEBGrocery/prd-small/002193754.jpg?v=1",
      "product_hyperlink": "https://www.heb.com/product-detail/color-wow-dream-coat-anti-frizz-hair-treatment-spray/2193754"
    },
    {
      "product_title": "Coupon\n$16.97\neach\nMilani Make It Last Original - Natural Finish Setting Spray Jumbo Size, 6 oz",
      "product_price": "$16.97",
      "product_image": "https://images.heb.com/is/image/HEBGrocery/prd-small/003446511.jpg?v=1",
      "product_hyperlink": "https://www.heb.com/product-detail/milani-make-it-last-original-natural-finish-setting-spray-jumbo-size/3446511"
    },
    {
      "product_title": "Coupon\n$8.74\neach\nNot Your Mother's Curl Talk Defining Cream, 6 oz",
      "product_price": "$8.74",
      "product_image": "https://images.heb.com/is/image/HEBGrocery/prd-small/002507015.jpg?v=1",
      "product_hyperlink": "https://www.heb.com/product-detail/not-your-mother-s-curl-talk-defining-cream/2507015"
    },
    {
      "product_title": "Coupon\n$8.84\neach\nDove Coconut & Hydration Damage Therapy Shampoo, 28 oz",
      "product_price": "$8.84",
      "product_image": "https://images.heb.com/is/image/HEBGrocery/prd-small/013991513.jpg?v=1",
      "product_hyperlink": "https://www.heb.com/product-detail/dove-coconut-hydration-damage-therapy-shampoo/13991513"
    },
    {
      "product_title": null,
      "product_price": "$10",
      "product_image": "https://images.hebcdn.com/9E1HTV21/at/5gh5wpxmw54gqq2mf4sf6jn/06-120325-flip-mobile-smallGrideCard-300x160.jpg?auto=webp&format=jpg&max_age=2592000&optimize=high&width=600",
      "product_hyperlink": "https://www.heb.com/discover/flip-the-dip?int=curbside-premium-home-smallgridcardb.flip-the-dip"
    },
    {
      "product_title": "$9.99\neach\n($0.83 / oz)\nH-E-B Fully Cooked Frozen Seasoned Beef Fajitas, 12 oz\nIn Meat Market on the Back Wall",
      "product_price": "$9.99",
      "product_image": "https://images.heb.com/is/image/HEBGrocery/prd-small/000125208.jpg?v=1",
      "product_hyperlink": "https://www.heb.com/product-detail/h-e-b-fully-cooked-frozen-seasoned-beef-fajitas/125208"
    },
    {
      "product_title": "$1.48\neach\n($0.10 / oz)\nH-E-B Texas Style Charro Beans, 15 oz\nAisle 6",
      "product_price": "$1.48",
      "product_image": "https://images.heb.com/is/image/HEBGrocery/prd-small/001600780.jpg?v=1",
      "product_hyperlink": "https://www.heb.com/product-detail/h-e-b-texas-style-charro-beans/1600780"
    },
    {
      "product_title": "$2.98\neach\n($0.37 / oz)\nH-E-B Mexican Style Shredded Cheese Blend, 8 oz\nIn Meat Market on the Back Wall",
      "product_price": "$2.98",
      "product_image": "https://images.heb.com/is/image/HEBGrocery/prd-small/000543845.jpg?v=1",
      "product_hyperlink": "https://www.heb.com/product-detail/h-e-b-mexican-style-shredded-cheese-blend/543845"
    },
    {
      "product_title": "$3.64\neach\n($0.23 / oz)\nH-E-B Shredded Fresh Iceberg Lettuce, 16 oz\nIn Produce on the Right Wall",
      "product_price": "$3.64",
      "product_image": "https://images.heb.com/is/image/HEBGrocery/prd-small/001539077.jpg?v=1",
      "product_hyperlink": "https://www.heb.com/product-detail/h-e-b-shredded-fresh-iceberg-lettuce/1539077"
    },
    {
      "product_title": "$3.17\neach\n($0.53 / ct)\nH-E-B Fresh Mini Hass Avocados, 6 ct\nIn Produce",
      "product_price": "$3.17",
      "product_image": "https://images.heb.com/is/image/HEBGrocery/prd-small/006180072.jpg?v=1",
      "product_hyperlink": "https://www.heb.com/product-detail/h-e-b-fresh-mini-hass-avocados/6180072"
    },
    {
      "product_title": "$8.16\neach\n($0.51 / oz)\nH-E-B 100% Pure Extra Lean Ground Beef, 96% Lean, 1 lb\nIn Meat Market on the Right Wall",
      "product_price": "$8.16",
      "product_image": "https://images.heb.com/is/image/HEBGrocery/prd-small/000312961.jpg?v=1",
      "product_hyperlink": "https://www.heb.com/product-detail/h-e-b-100-pure-extra-lean-ground-beef-96-lean/312961"
    },
    {
      "product_title": "$0.75\neach\n($0.60 / oz)\nH-E-B Taco Seasoning Mix, 1.25 oz\nAisle 4",
      "product_price": "$0.75",
      "product_image": "https://images.heb.com/is/image/HEBGrocery/prd-small/000706450.jpg?v=1",
      "product_hyperlink": "https://www.heb.com/product-detail/h-e-b-taco-seasoning-mix/706450"
    },
    {
      "product_title": "$0.88\neach\n($0.06 / oz)\nH-E-B Whole Kernel Corn, 15.25 oz\nAisle 6",
      "product_price": "$0.88",
      "product_image": "https://images.heb.com/is/image/HEBGrocery/prd-small/000125338.jpg?v=1",
      "product_hyperlink": "https://www.heb.com/product-detail/h-e-b-whole-kernel-corn/125338"
    },
    {
      "product_title": "$1.78\neach\nFresh Large Hass Avocado, Each\nIn Produce",
      "product_price": "$1.78",
      "product_image": "https://images.heb.com/is/image/HEBGrocery/prd-small/000318627.jpg?v=1",
      "product_hyperlink": "https://www.heb.com/product-detail/fresh-large-hass-avocado/318627"
    },
    {
      "product_title": "$4.98\neach\nH-E-B Pico de Gallo - Mild, 14 oz\nIn Produce on the Front Wall",
      "product_price": "$4.98",
      "product_image": "https://images.heb.com/is/image/HEBGrocery/prd-small/002159976.jpg?v=1",
      "product_hyperlink": "https://www.heb.com/product-detail/h-e-b-pico-de-gallo-mild/2159976"
    },
    {
      "product_title": "Coupon\n$1.77\neach\n($0.06 / oz)\nH-E-B Enriched Long Grain White Rice, 2 lbs\nAisle 4",
      "product_price": "$1.77",
      "product_image": "https://images.heb.com/is/image/HEBGrocery/prd-small/000127178.jpg?v=1",
      "product_hyperlink": "https://www.heb.com/product-detail/h-e-b-enriched-long-grain-white-rice/127178"
    },
    {
      "product_title": "$2.48\neach\n($0.10 / oz)\nH-E-B Burrito Grande Flour Tortillas, 10 ct\nAisle 2",
      "product_price": "$2.48",
      "product_image": "https://images.heb.com/is/image/HEBGrocery/prd-small/000324976.jpg?v=1",
      "product_hyperlink": "https://www.heb.com/product-detail/h-e-b-burrito-grande-flour-tortillas/324976"
    },
    {
      "product_title": "Coupon\n$2.58\neach\n($0.26 / ct)\nH-E-B Bakery Butter Flour Tortillas, 10 ct\nBack Edge of Bakery",
      "product_price": "$2.58",
      "product_image": "https://images.heb.com/is/image/HEBGrocery/prd-small/000411475.jpg?v=1",
      "product_hyperlink": "https://www.heb.com/product-detail/h-e-b-bakery-butter-flour-tortillas/411475"
    },
    {
      "product_title": "$9.99\neach\n($0.38 / oz)\nH-E-B Fully Cooked Frozen Seasoned Chicken Breast Fajitas - Texas-Size Pack, 26 oz\nIn Meat Market on the Back Wall",
      "product_price": "$9.99",
      "product_image": "https://images.heb.com/is/image/HEBGrocery/prd-small/001107965.jpg?v=1",
      "product_hyperlink": "https://www.heb.com/product-detail/h-e-b-fully-cooked-frozen-seasoned-chicken-breast-fajitas-texas-size-pack/1107965"
    },
    {
      "product_title": "$1.48\neach\n($0.09 / oz)\nH-E-B Texas Style Refried Charro Beans, 16 oz\nAisle 6",
      "product_price": "$1.48",
      "product_image": "https://images.heb.com/is/image/HEBGrocery/prd-small/001875976.jpg?v=1",
      "product_hyperlink": "https://www.heb.com/product-detail/h-e-b-texas-style-refried-charro-beans/1875976"
    },
    {
      "product_title": "$4.98\neach\n($0.71 / oz)\nH-E-B Fresh Guacamole - Mild, 7 oz\nIn Produce on the Front Wall",
      "product_price": "$4.98",
      "product_image": "https://images.heb.com/is/image/HEBGrocery/prd-small/001281063.jpg?v=1",
      "product_hyperlink": "https://www.heb.com/product-detail/h-e-b-fresh-guacamole-mild/1281063"
    },
    {
      "product_title": "$4.79\neach\n($0.40 / oz)\nH-E-B Queso Blanco Dip - Mild, 12 oz\nIn Meat Market on the Back Wall",
      "product_price": "$4.79",
      "product_image": "https://images.heb.com/is/image/HEBGrocery/prd-small/002088337.jpg?v=1",
      "product_hyperlink": "https://www.heb.com/product-detail/h-e-b-queso-blanco-dip-mild/2088337"
    },
    {
      "product_title": "$2.48\neach\n($0.15 / oz)\nH-E-B Regular Sour Cream, 16 oz\nIn Dairy on the Back Wall",
      "product_price": "$2.48",
      "product_image": "https://images.heb.com/is/image/HEBGrocery/prd-small/000314026.jpg?v=1",
      "product_hyperlink": "https://www.heb.com/product-detail/h-e-b-regular-sour-cream/314026"
    },
    {
      "product_title": "$5.89\neach\n($0.37 / oz)\nH-E-B Extra Lean Ground Turkey Breast, 99% Lean, 16 oz\nIn Meat Market on the Right Wall",
      "product_price": "$5.89",
      "product_image": "https://images.heb.com/is/image/HEBGrocery/prd-small/000529847.jpg?v=1",
      "product_hyperlink": "https://www.heb.com/product-detail/h-e-b-extra-lean-ground-turkey-breast-99-lean/529847"
    },
    {
      "product_title": "$0.83\neach\n($0.87 / lb)\nFresh White Onion, Avg. 0.955 lb\nIn Produce",
      "product_price": "$0.83",
      "product_image": "https://images.heb.com/is/image/HEBGrocery/prd-small/001180528.jpg?v=1",
      "product_hyperlink": "https://www.heb.com/product-detail/fresh-white-onion/1180528"
    },
    {
      "product_title": "$2.50\neach\n($1.97 / lb)\nFresh Tomatoes on the Vine (4-5 Tomatoes), Avg. 1.27 lbs\nIn Produce",
      "product_price": "$2.50",
      "product_image": "https://images.heb.com/is/image/HEBGrocery/prd-small/000471240.jpg?v=1",
      "product_hyperlink": "https://www.heb.com/product-detail/fresh-tomatoes-on-the-vine-4-5-tomatoes-/471240"
    },
    {
      "product_title": "$3.69\neach\n($0.28 / oz)\nH-E-B Mi Tienda Squeezable Crema Agria Mexican-Style Sour Cream, 13 oz\nIn Meat Market on the Back Wall",
      "product_price": "$3.69",
      "product_image": "https://images.heb.com/is/image/HEBGrocery/prd-small/008283003.jpg?v=1",
      "product_hyperlink": "https://www.heb.com/product-detail/h-e-b-mi-tienda-squeezable-crema-agria-nbsp-mexican-style-sour-cream/8283003"
    },
    {
      "product_title": "$2.98\neach\n($0.37 / oz)\nH-E-B Monterey Jack Shredded Cheese, 8 oz\nIn Meat Market on the Back Wall",
      "product_price": "$2.98",
      "product_image": "https://images.heb.com/is/image/HEBGrocery/prd-small/000126021.jpg?v=1",
      "product_hyperlink": "https://www.heb.com/product-detail/h-e-b-monterey-jack-shredded-cheese/126021"
    },
    {
      "product_title": "$8.78\neach\n($3.99 / lb)\nH-E-B Seasoned Boneless Skinless Chicken Thighs for Fajitas, Avg. 2.2 lbs\nIn Meat Market on the Right Wall",
      "product_price": "$8.78",
      "product_image": "https://images.heb.com/is/image/HEBGrocery/prd-small/000372471.jpg?v=1",
      "product_hyperlink": "https://www.heb.com/product-detail/h-e-b-seasoned-boneless-skinless-chicken-thighs-for-fajitas/372471"
    },
    {
      "product_title": "$3.68\neach\n($1.23 / ct)\nH-E-B Fresh Sunrise Bell Peppers, 3 ct\nIn Produce",
      "product_price": "$3.68",
      "product_image": "https://images.heb.com/is/image/HEBGrocery/prd-small/004915011.jpg?v=1",
      "product_hyperlink": "https://www.heb.com/product-detail/h-e-b-fresh-sunrise-bell-peppers/4915011"
    },
    {
      "product_title": "$4.98\neach\n($0.31 / oz)\nH-E-B Fresh Salsa - Medium Spicy, 16 oz\nIn Produce on the Front Wall",
      "product_price": "$4.98",
      "product_image": "https://images.heb.com/is/image/HEBGrocery/prd-small/001655218.jpg?v=1",
      "product_hyperlink": "https://www.heb.com/product-detail/h-e-b-fresh-salsa-medium-spicy/1655218"
    },
    {
      "product_title": "$3.20\neach\n($0.20 / oz)\nH-E-B Mi Tienda Salsa Roja - Medium, 16 oz\nIn Dairy on the Back Wall",
      "product_price": "$3.20",
      "product_image": "https://images.heb.com/is/image/HEBGrocery/prd-small/012017018.jpg?v=1",
      "product_hyperlink": "https://www.heb.com/product-detail/h-e-b-mi-tienda-salsa-roja-medium/12017018"
    },
    {
      "product_title": "$2.29\neach\n($0.13 / oz)\nH-E-B Mi Tienda Frijoles Pintos Refritos Refried Beans, 17.6 oz\nFront Edge of Deli",
      "product_price": "$2.29",
      "product_image": "https://images.heb.com/is/image/HEBGrocery/prd-small/001705165.jpg?v=1",
      "product_hyperlink": "https://www.heb.com/product-detail/h-e-b-mi-tienda-frijoles-pintos-refritos-refried-beans/1705165"
    },
    {
      "product_title": "$13.52\neach\n($6.29 / lb)\nHill Country Fare Seasoned Beef for Fajitas, Avg. 2.15 lbs\nIn Meat Market on the Right Wall",
      "product_price": "$13.52",
      "product_image": "https://images.heb.com/is/image/HEBGrocery/prd-small/000372333.jpg?v=1",
      "product_hyperlink": "https://www.heb.com/product-detail/hill-country-fare-seasoned-beef-for-fajitas/372333"
    },
    {
      "product_title": "$1.98\neach\n($0.66 / oz)\nH-E-B Fresh Diced Jalapeno - Single Serve, 3 oz\nIn Produce on the Front Wall",
      "product_price": "$1.98",
      "product_image": "https://images.heb.com/is/image/HEBGrocery/prd-small/004469524.jpg?v=1",
      "product_hyperlink": "https://www.heb.com/product-detail/h-e-b-fresh-diced-jalapeno-single-serve/4469524"
    },
    {
      "product_title": "$6.99\neach\nH-E-B Deli Filled Tortelloni Pasta – Ricotta & Spinach - Family Size, 24 oz",
      "product_price": "$6.99",
      "product_image": "https://images.heb.com/is/image/HEBGrocery/prd-small/002093945.jpg?v=1",
      "product_hyperlink": "https://www.heb.com/product-detail/h-e-b-deli-filled-tortelloni-pasta-ndash-ricotta-spinach-family-size/2093945"
    },
    {
      "product_title": "$4.19\neach\nH-E-B Ground Pork Italian Sausage - Mild, Avg. 1.05 lbs",
      "product_price": "$4.19",
      "product_image": "https://images.heb.com/is/image/HEBGrocery/prd-small/000938524.jpg?v=1",
      "product_hyperlink": "https://www.heb.com/product-detail/h-e-b-ground-pork-italian-sausage-mild/938524"
    },
    {
      "product_title": "Sale\n$2.98\n$2.68\neach\nH-E-B Chicken Broth, 48 oz",
      "product_price": "$2.98",
      "product_image": "https://images.heb.com/is/image/HEBGrocery/prd-small/002229429.jpg?v=1",
      "product_hyperlink": "https://www.heb.com/product-detail/h-e-b-chicken-broth/2229429"
    },
    {
      "product_title": "$0.86\neach\nH-E-B Tomato Paste, 6 oz",
      "product_price": "$0.86",
      "product_image": "https://images.heb.com/is/image/HEBGrocery/prd-small/000126326.jpg?v=1",
      "product_hyperlink": "https://www.heb.com/product-detail/h-e-b-tomato-paste/126326"
    },
    {
      "product_title": "$2.78\neach\nH-E-B Parmesan Shredded Cheese, 6 oz",
      "product_price": "$2.78",
      "product_image": "https://images.heb.com/is/image/HEBGrocery/prd-small/000593979.jpg?v=1",
      "product_hyperlink": "https://www.heb.com/product-detail/h-e-b-parmesan-shredded-cheese/593979"
    },
    {
      "product_title": "$3.98\neach\nH-E-B Fresh Chopped Celery & Onion, 7 oz",
      "product_price": "$3.98",
      "product_image": "https://images.heb.com/is/image/HEBGrocery/prd-small/000593988.jpg?v=1",
      "product_hyperlink": "https://www.heb.com/product-detail/h-e-b-fresh-chopped-celery-onion/593988"
    },
    {
      "product_title": "$7.99\neach\nMeal Simple by H-E-B Pork Dumpling Mix-In Soup, 9 oz",
      "product_price": "$7.99",
      "product_image": "https://images.heb.com/is/image/HEBGrocery/prd-small/013049015.jpg?v=1",
      "product_hyperlink": "https://www.heb.com/product-detail/meal-simple-by-h-e-b-pork-dumpling-mix-in-soup/13049015"
    },
    {
      "product_title": "Coupon\n$7.99\neach\nMeal Simple by H-E-B Broccoli Cheddar Soup - Family Size, 32 oz",
      "product_price": "$7.99",
      "product_image": "https://images.heb.com/is/image/HEBGrocery/prd-small/003038206.jpg?v=1",
      "product_hyperlink": "https://www.heb.com/product-detail/meal-simple-by-h-e-b-broccoli-cheddar-soup-family-size/3038206"
    },
    {
      "product_title": "$1.97\neach\nH-E-B Garlic Breadsticks, 6 ct",
      "product_price": "$1.97",
      "product_image": "https://images.heb.com/is/image/HEBGrocery/prd-small/000509025.jpg?v=1",
      "product_hyperlink": "https://www.heb.com/product-detail/h-e-b-garlic-breadsticks/509025"
    },
    {
      "product_title": "Coupon\n$12.98\neach\nH-E-B Chicken Tortilla Soup Kit, 26 oz",
      "product_price": "$12.98",
      "product_image": "https://images.heb.com/is/image/HEBGrocery/prd-small/000721367.jpg?v=1",
      "product_hyperlink": "https://www.heb.com/product-detail/h-e-b-chicken-tortilla-soup-kit/721367"
    },
    {
      "product_title": "$3.98\neach\nCentral Market Totopos Tortilla Chips - White Corn & Sea Salt, 12 oz",
      "product_price": "$3.98",
      "product_image": "https://images.heb.com/is/image/HEBGrocery/prd-small/012376014.jpg?v=1",
      "product_hyperlink": "https://www.heb.com/product-detail/central-market-totopos-tortilla-chips-white-corn-sea-salt/12376014"
    },
    {
      "product_title": "$4.98\neach\nMidtown by H-E-B Frozen Ricotta & Spinach Tortelloni Filled Pasta, 8.8 oz",
      "product_price": "$4.98",
      "product_image": "https://images.heb.com/is/image/HEBGrocery/prd-small/010683513.jpg?v=1",
      "product_hyperlink": "https://www.heb.com/product-detail/midtown-by-h-e-b-frozen-ricotta-spinach-tortelloni-filled-pasta/10683513"
    },
    {
      "product_title": "$8.98\neach\nH-E-B 100% Pure Extra Lean Ground Beef, 96% Lean, Avg. 1.1 lbs",
      "product_price": "$8.98",
      "product_image": "https://images.heb.com/is/image/HEBGrocery/prd-small/000371335.jpg?v=1",
      "product_hyperlink": "https://www.heb.com/product-detail/h-e-b-100-pure-extra-lean-ground-beef-96-lean/371335"
    },
    {
      "product_title": "$3.57\neach\nH-E-B Organics Kale Greens, 12 oz",
      "product_price": "$3.57",
      "product_image": "https://images.heb.com/is/image/HEBGrocery/prd-small/001790755.jpg?v=1",
      "product_hyperlink": "https://www.heb.com/product-detail/h-e-b-organics-kale-greens/1790755"
    },
    {
      "product_title": "$5.98\neach\nH-E-B Chicken Bone Broth, 24 oz",
      "product_price": "$5.98",
      "product_image": "https://images.heb.com/is/image/HEBGrocery/prd-small/003024537.jpg?v=1",
      "product_hyperlink": "https://www.heb.com/product-detail/h-e-b-chicken-bone-broth/3024537"
    },
    {
      "product_title": "$2.38\neach\nH-E-B Texas Toast Enriched White Sliced Bread, 24 oz",
      "product_price": "$2.38",
      "product_image": "https://images.heb.com/is/image/HEBGrocery/prd-small/000481418.jpg?v=1",
      "product_hyperlink": "https://www.heb.com/product-detail/h-e-b-texas-toast-enriched-white-sliced-nbsp-bread/481418"
    },
    {
      "product_title": "$2.98\neach\nH-E-B Mild Cheddar Sliced Cheese, 10 ct",
      "product_price": "$2.98",
      "product_image": "https://images.heb.com/is/image/HEBGrocery/prd-small/000970984.jpg?v=1",
      "product_hyperlink": "https://www.heb.com/product-detail/h-e-b-mild-cheddar-sliced-cheese/970984"
    },
    {
      "product_title": "$7.98\neach\nH-E-B Creamy Tomato Basil Soup, 31.4 oz",
      "product_price": "$7.98",
      "product_image": "https://images.heb.com/is/image/HEBGrocery/prd-small/005689054.jpg?v=1",
      "product_hyperlink": "https://www.heb.com/product-detail/h-e-b-creamy-tomato-basil-soup/5689054"
    },
    {
      "product_title": "$7.99\neach\nH-E-B Fully Cooked Seasoned Chicken Breast Fajitas, 16 oz",
      "product_price": "$7.99",
      "product_image": "https://images.heb.com/is/image/HEBGrocery/prd-small/006178010.jpg?v=1",
      "product_hyperlink": "https://www.heb.com/product-detail/h-e-b-fully-cooked-seasoned-chicken-breast-fajitas/6178010"
    },
    {
      "product_title": "Coupon\n$7.88\neach\nCookwell & Company Tortilla Soup, 32 oz",
      "product_price": "$7.88",
      "product_image": "https://images.heb.com/is/image/HEBGrocery/prd-small/001523175.jpg?v=1",
      "product_hyperlink": "https://www.heb.com/product-detail/cookwell-company-tortilla-soup/1523175"
    },
    {
      "product_title": "$1.98\neach\nH-E-B Chicken Broth, 32 oz",
      "product_price": "$1.98",
      "product_image": "https://images.heb.com/is/image/HEBGrocery/prd-small/002229625.jpg?v=1",
      "product_hyperlink": "https://www.heb.com/product-detail/h-e-b-chicken-broth/2229625"
    },
    {
      "product_title": "$1.98\neach\nH-E-B Restaurant Style Tortilla Strips Chips, 11 oz",
      "product_price": "$1.98",
      "product_image": "https://images.heb.com/is/image/HEBGrocery/prd-small/001627416.jpg?v=1",
      "product_hyperlink": "https://www.heb.com/product-detail/h-e-b-restaurant-style-tortilla-strips-chips/1627416"
    },
    {
      "product_title": "$4.99\neach\nMeal Simple by H-E-B Chicken & Dumpling Soup, 16 oz",
      "product_price": "$4.99",
      "product_image": "https://images.heb.com/is/image/HEBGrocery/prd-small/005384017.jpg?v=1",
      "product_hyperlink": "https://www.heb.com/product-detail/meal-simple-by-h-e-b-chicken-dumpling-soup/5384017"
    },
    {
      "product_title": "$4.88\neach\n($0.24 / ct)\nH-E-B Bakery Flour Tortillas, 20 ct\nBack Edge of Bakery",
      "product_price": "$4.88",
      "product_image": "https://images.heb.com/is/image/HEBGrocery/prd-small/000465325.jpg?v=1",
      "product_hyperlink": "https://www.heb.com/product-detail/h-e-b-bakery-flour-tortillas/465325"
    },
    {
      "product_title": "$3.22\neach\n($0.27 / ct)\nH-E-B Grade AA Cage Free Large Brown Eggs, 12 ct\nIn Dairy on the Back Wall",
      "product_price": "$3.22",
      "product_image": "https://images.heb.com/is/image/HEBGrocery/prd-small/001011641.jpg?v=1",
      "product_hyperlink": "https://www.heb.com/product-detail/h-e-b-grade-aa-cage-free-large-brown-eggs/1011641"
    },
    {
      "product_title": "Coupon\n$4.99\neach\n($0.42 / oz)\nH-E-B Original Thick Cut Bacon, 12 oz\nOn the Left Edge of Meat Market",
      "product_price": "$4.99",
      "product_image": "https://images.heb.com/is/image/HEBGrocery/prd-small/000125497.jpg?v=1",
      "product_hyperlink": "https://www.heb.com/product-detail/h-e-b-original-thick-cut-bacon/125497"
    },
    {
      "product_title": "$3.68\neach\n($0.12 / oz)\nH-E-B Frozen Diced Breakfast Potatoes, 32 oz\nAisle 60",
      "product_price": "$3.68",
      "product_image": "https://images.heb.com/is/image/HEBGrocery/prd-small/009250009.jpg?v=1",
      "product_hyperlink": "https://www.heb.com/product-detail/h-e-b-frozen-diced-breakfast-potatoes/9250009"
    },
    {
      "product_title": "$2.18\neach\n($0.14 / oz)\nH-E-B Mixla Corn & Flour Blend Tortillas, 12 ct\nAisle 2",
      "product_price": "$2.18",
      "product_image": "https://images.heb.com/is/image/HEBGrocery/prd-small/001753415.jpg?v=1",
      "product_hyperlink": "https://www.heb.com/product-detail/h-e-b-mixla-corn-flour-blend-tortillas/1753415"
    },
    {
      "product_title": "Coupon\n$3.99\n$3.79\neach\n($0.24 / oz)\nH-E-B Premium Pork Breakfast Sausage - Regular, 16 oz\nOn the Left Edge of Meat Market",
      "product_price": "$3.99",
      "product_image": "https://images.heb.com/is/image/HEBGrocery/prd-small/000125548.jpg?v=1",
      "product_hyperlink": "https://www.heb.com/product-detail/h-e-b-premium-pork-breakfast-sausage-regular/125548"
    },
    {
      "product_title": "$3.42\neach\n($0.28 / ct)\nH-E-B Grade AA Cage Free Extra Large White Eggs, 12 ct\nIn Dairy on the Back Wall",
      "product_price": "$3.42",
      "product_image": "https://images.heb.com/is/image/HEBGrocery/prd-small/000325138.jpg?v=1",
      "product_hyperlink": "https://www.heb.com/product-detail/h-e-b-grade-aa-cage-free-extra-large-white-eggs/325138"
    },
    {
      "product_title": "$5.29\neach\n($0.35 / oz)\nH-E-B Diced Potato Breakfast Skillet – Veggie, 15 oz\nOn the Left Edge of Meat Market",
      "product_price": "$5.29",
      "product_image": "https://images.heb.com/is/image/HEBGrocery/prd-small/010488528.jpg?v=1",
      "product_hyperlink": "https://www.heb.com/product-detail/h-e-b-diced-potato-breakfast-skillet-veggie/10488528"
    },
    {
      "product_title": "$7.57\neach\n($1.51 / ct)\nH-E-B Fresh Hass Avocados, 5 ct\nIn Produce",
      "product_price": "$7.57",
      "product_image": "https://images.heb.com/is/image/HEBGrocery/prd-small/006180070.jpg?v=1",
      "product_hyperlink": "https://www.heb.com/product-detail/h-e-b-fresh-hass-avocados/6180070"
    },
    {
      "product_title": "$2.49\neach\n($0.14 / oz)\nH-E-B Mi Tienda Frijoles con Chorizo Refried Pinto Beans, 17.6 oz\nFront Edge of Deli",
      "product_price": "$2.49",
      "product_image": "https://images.heb.com/is/image/HEBGrocery/prd-small/003038076.jpg?v=1",
      "product_hyperlink": "https://www.heb.com/product-detail/h-e-b-mi-tienda-frijoles-con-chorizo-refried-pinto-beans/3038076"
    },
    {
      "product_title": "$4.99\neach\n($0.31 / oz)\nH-E-B Mild Cheddar Shredded Cheese, 16 oz\nIn Meat Market on the Back Wall",
      "product_price": "$4.99",
      "product_image": "https://images.heb.com/is/image/HEBGrocery/prd-small/000947305.jpg?v=1",
      "product_hyperlink": "https://www.heb.com/product-detail/h-e-b-mild-cheddar-shredded-cheese/947305"
    },
    {
      "product_title": "Coupon\n$9.79\neach\n($0.41 / oz)\nH-E-B Original Thick Cut Bacon, 24 oz\nOn the Left Edge of Meat Market",
      "product_price": "$9.79",
      "product_image": "https://images.heb.com/is/image/HEBGrocery/prd-small/000126166.jpg?v=1",
      "product_hyperlink": "https://www.heb.com/product-detail/h-e-b-original-thick-cut-bacon/126166"
    },
    {
      "product_title": "$3.24\neach\n($0.41 / oz)\nH-E-B Carb Sense Flour Tortillas, 8 ct\nAisle 2",
      "product_price": "$3.24",
      "product_image": "https://images.heb.com/is/image/HEBGrocery/prd-small/001854390.jpg?v=1",
      "product_hyperlink": "https://www.heb.com/product-detail/h-e-b-carb-sense-flour-tortillas/1854390"
    },
    {
      "product_title": "$3.74\neach\n($0.16 / oz)\nFresh Baby Gold Potatoes, 1.5 lb bag\nIn Produce",
      "product_price": "$3.74",
      "product_image": "https://images.heb.com/is/image/HEBGrocery/prd-small/001530771.jpg?v=1",
      "product_hyperlink": "https://www.heb.com/product-detail/fresh-baby-gold-potatoes/1530771"
    },
    {
      "product_title": "Coupon\n$4.99\neach\n($0.42 / oz)\nH-E-B Original Bacon, 12 oz\nOn the Left Edge of Meat Market",
      "product_price": "$4.99",
      "product_image": "https://images.heb.com/is/image/HEBGrocery/prd-small/001475819.jpg?v=1",
      "product_hyperlink": "https://www.heb.com/product-detail/h-e-b-original-bacon/1475819"
    }
  ]
}